<record><leader>00000cas a2200000 a 4500</leader><controlfield tag="001">8799794</controlfield><controlfield tag="008">820923d184u1871kyuwr ne      0   a0eng  </controlfield><datafield ind1=" " ind2=" " tag="010"><subfield code="a">sn 82014802 </subfield></datafield><datafield ind1=" " ind2=" " tag="040"><subfield code="a">DLC</subfield><subfield code="b">eng</subfield><subfield code="c">DLC</subfield><subfield code="d">NPX</subfield><subfield code="d">NPY</subfield><subfield code="d">KNP</subfield><subfield code="d">DLC</subfield><subfield code="d">NPI</subfield><subfield code="d">KNP</subfield><subfield code="d">CVF</subfield><subfield code="d">OCL</subfield><subfield code="d">OCLCQ</subfield><subfield code="d">OCLCF</subfield><subfield code="d">OCLCO</subfield></datafield><datafield ind1=" " ind2=" " tag="042"><subfield code="a">pcc</subfield></datafield><datafield ind1=" " ind2=" " tag="043"><subfield code="a">n-us-ky</subfield></datafield><datafield ind1="0" ind2="0" tag="050"><subfield code="a">Newspaper 7885-X</subfield></datafield><datafield ind1="0" ind2=" " tag="130"><subfield code="a">Lexington observer and reporter (Lexington, Ky. : Weekly)</subfield></datafield><datafield ind1="1" ind2="0" tag="245"><subfield code="a">Lexington observer and reporter.</subfield></datafield><datafield ind1="1" ind2=" " tag="246"><subfield code="i">Sometimes published as:</subfield><subfield code="a">Agricultural observer and reporter</subfield></datafield><datafield ind1="1" ind2=" " tag="246"><subfield code="i">Issues for 1845-&lt;1866&gt; called:</subfield><subfield code="a">Lexington observer &amp; reporter</subfield></datafield><datafield ind1=" " ind2=" " tag="260"><subfield code="a">Lexington, Ky. :</subfield><subfield code="b">D.C. Wickliffe,</subfield><subfield code="c">-1871.</subfield></datafield><datafield ind1=" " ind2=" " tag="300"><subfield code="a">v. :</subfield><subfield code="b">ill. (chiefly advertisements) ;</subfield><subfield code="c">58-68 cm.</subfield></datafield><datafield ind1=" " ind2=" " tag="310"><subfield code="a">Weekly</subfield></datafield><datafield ind1="0" ind2=" " tag="362"><subfield code="a">-v. 63, no. 34 (Apr. 19, 1871).</subfield></datafield><datafield ind1=" " ind2=" " tag="515"><subfield code="a">Issue for Nov. 26, 1845 misdated Nov. 29, 1845.</subfield></datafield><datafield ind1=" " ind2=" " tag="515"><subfield code="a">Issue for Apr. 29, 1846 misdated Apr. 28, 1846.</subfield></datafield><datafield ind1=" " ind2=" " tag="515"><subfield code="a">Issue for Nov. 11, 1846 misdated Nov. 12, 1846.</subfield></datafield><datafield ind1=" " ind2=" " tag="515"><subfield code="a">Issues for Jan. 6-Mar. 10, 1847 misdated Jan. 6-Mar. 10, 1846.</subfield></datafield><datafield ind1=" " ind2=" " tag="515"><subfield code="a">Issue for Apr. 26, 1848 misdated Apr. 27, 1848.</subfield></datafield><datafield ind1=" " ind2=" " tag="515"><subfield code="a">Issue for Jan. 2, 1850 misdated Jan. 2, 1849.</subfield></datafield><datafield ind1=" " ind2=" " tag="580"><subfield code="a">Issued also in a semiweekly eds. called: Lexington observer and reporter (Lexington, Ky. : Semiweekly); and: Observer and reporter (Lexington, Ky. : 1870 : Semiweekly).</subfield></datafield><datafield ind1=" " ind2=" " tag="588"><subfield code="a">Description based on: Vol. 11, no. 44 (Mar. 8, 1842).</subfield></datafield><datafield ind1=" " ind2="0" tag="651"><subfield code="a">Fayette County (Ky.)</subfield><subfield code="v">Newspapers.</subfield></datafield><datafield ind1=" " ind2="0" tag="651"><subfield code="a">Lexington (Ky.)</subfield><subfield code="v">Newspapers.</subfield></datafield><datafield ind1=" " ind2="7" tag="655"><subfield code="a">Newspapers.</subfield><subfield code="2">fast</subfield><subfield code="0">(OCoLC)fst01423814</subfield></datafield><datafield ind1=" " ind2="7" tag="651"><subfield code="a">Kentucky</subfield><subfield code="z">Fayette County.</subfield><subfield code="2">fast</subfield><subfield code="0">(OCoLC)fst01206953</subfield></datafield><datafield ind1=" " ind2="7" tag="651"><subfield code="a">Kentucky</subfield><subfield code="z">Lexington.</subfield><subfield code="2">fast</subfield><subfield code="0">(OCoLC)fst01206432</subfield></datafield><datafield ind1=" " ind2=" " tag="752"><subfield code="a">United States</subfield><subfield code="b">Kentucky</subfield><subfield code="c">Fayette</subfield><subfield code="d">Lexington.</subfield></datafield><datafield ind1="1" ind2=" " tag="775"><subfield code="t">Lexington observer and reporter (Lexington, Ky. : Semiweekly)</subfield><subfield code="w">(DLC)sn 82015842</subfield><subfield code="w">(OCoLC)8814683</subfield></datafield><datafield ind1="1" ind2=" " tag="775"><subfield code="t">Observer and reporter (Lexington, Ky. : 1870 : Semiweekly)</subfield><subfield code="w">(DLC)sn 86069116</subfield><subfield code="w">(OCoLC)13501534</subfield></datafield><datafield ind1="0" ind2="0" tag="780"><subfield code="t">Lexington observer, and Kentucky reporter</subfield><subfield code="w">(DLC)sn 84038211</subfield><subfield code="w">(OCoLC)2263513</subfield></datafield><datafield ind1="0" ind2="0" tag="785"><subfield code="t">Observer and reporter (Lexington, Ky. : Weekly)</subfield><subfield code="w">(DLC)sn 87060213</subfield><subfield code="w">(OCoLC)15565202</subfield></datafield></record>